@book{codin,
	author = {Coddington, E. A. and Levinson, N. },
	title = {Theory of ordinary differential equations},
	year = {1972},
	publisher = {McGraw-Hill},
}
@book{prac,
	author = {Seydel, R.},
	title = {Practical Bifurcation and Stability Analysis},
	year = {2010},
	edition = {3},
	publisher = {Springer},
}
@book{Kuznet,
	author = { Kuznetsov, Y. A.},
	title = {Elements of Applied Bifurcation Theory},
	year = {1998},
	edition = {2},
	publisher = {Springer},
}
@book{Lectures,
	author = { Keller,H.B.},
	title = {Lectures on Numerical Methods in Bifurcation Problems},
	year = {1986},
	publisher = {Springer-Verlag},
}
@book{Strogatz,
	author = { Strogatz, S. H.},
	title = {Nonlinear Dynamics and chaos},
	Year = {1994},
	publisher = {Perseus Books},

}
@book{PhD,
	author = { Van Voorn, G.A.K.},
	title = {PhD mini Course: Introduction to bifurcation analysis},
	year = {2006},
}
@book{IntroEug,
	author = { Allgower, E.L. and Georg, K.},
	title = {Introduction to Numerical Continuation Methods},
	year = {1990},
}
@book{Model,
	author = { Stan,Guy-B.},
	title = {Modelling in Biology},
	year = {2016},
}
@book{graduate,
	author = {Spence, A. and  Graham, I.G.},
	title = {The graduate student's guide to Numerical Analysis '98},
	year = {1999},
	pages = {117-217},
	publisher = {Springer},
}
@book{mathmobi,
	author = { Edelstein-Keshet, L.},
	title = {Mathematical models in biology},
	year = {2005},
	publisher = {SIAM},
}
@book{auto,
	author = {Eusebius J. Doedel and Bart E. Oldeman},
	title = {Auto-07p: Continuation and bifurcation software for ordinary differential equations},
	year = {2012},
	url = {http://cmvl.cs.concordia.ca/auto/},
}
@manual{Python,
	title = {Python Software Foundation. Python Language Reference, version 2.7},
	url = {http://www.python.org},
}
@book{perko,
	author = {Perko, L.},
	title = {Differential Equations and Dynamical Systems},
	year = {2001},
	publisher = {Springer-Verlag},
}
@book{dulac,
	author = { Burton, A.T.},
	title = {Volterra Integral and Differential Equations},
	year = {2005},
	publisher = {Elvesier},

}
@book{jordan,
	author = {Hales, T. C.},
	title = {The Jordan curve theorem, formally and informally},
	year = {2007},
	publisher = { The American Mathematical Monthly},
	
}
@book{murdock,
	author = {Murdock,J.},
	title = {Normal Forms and Unfoldings for Local Dynamical Systems},
	year = {2003},
	publisher = { Springer},
	
}
@article{ludw,
	author = {Ludwing,D. , Jones, D.D. nad Holling,C.S.},
	title = {Quantitative analysis of insect outbreak systems: The spruce budworm and forest},
	journaltitle = {Journal of animal ecology},
	year = {1978},
	
}
@article{sel,
	author = { Sel'kov, E. E.},
	title = {Sell-oscillations in Glycolisis},
	journaltitle = {European Journal of Biochemistry},
	year = {1986},
	
}
@book{gold,
	title =     {Biochemical Oscillations and Cellular Rhythms},
	author =    {Goldbeter A., Berridge M.J.},
	year =      {1996},
	series =    {Cambridge Nonlinear Science Series},
	}
@book{muoz,
	title =     {Introduction to Bifurcations and The Hopf Bifurcation Theorem for Planar Systems},
	author =    {Roberto Muñoz Alicea},
	year =      {2011},
	series =    {Report submitted to Prof. I. Oprea for Math 640},
}
@book{siam1,
	title =     {Iterative Methods for Linear and Nonlinear Equations},
	author =    {Kelley, C.T. },
	year =      {1995},
	series =    {Society fo Industrial and Applied Mathematics},
}
@book{allgower,
	title =     { Numerical Continuation Methods},
	author =    {Allgower, E.L.  and  Georg, K.},
	year =      {1990},
	series =    {Springer},
}
@book{georg,
	title =     {Numerical integration of the Davidenko equation},
	author =    {Georg, K.},
	year =      {1980},
	series =    {In Numerical Solution
	of Nonlinear Equations. Lecture Notes in
	Math},
}
@book{Keller,
	title =     {Numerical Solutions of Bifurcation and nonlinear eigenvalue problem; in Applications of Bifurcation Theory},
	author =    { Keller, H.K.},
	year =      {1977},
	series =    {Academic Press},
}
@book{doedel,
	title =     {Lecture Notes on Numerical Analysis of Nonlinear Equations},
	author =    { Doedel, E.},
	url = {http://indy.cs.concordia.ca/auto/notes.pdf}
}
@book{vander,
	title =     {On relaxation-oscillations},
	author =    {Van der Pol, B.},
	year =      {1927},
	series =    {The London, Edinburgh and Dubil Journal of Science},
}
@book{fit,
	title =     {Impulses and physiological states in theoretical model os nerve membranes},
	author =    {Fithugh, R.},
	year =      {1961},
	series =    {Biophysics Journal},
}
@book{nagu,
	title =     {An active pulse transmission line simulating nerve axon},
	author =    {Nagumo, J., Arimoto, S., Yoshizawa, S.},
	year =      {1962},
	series =    {Procedures IRE},
}
@book{andronof,
	title =     {Theory of Oscillators (versión inglesa},
	author =    {Andornov, A., Vitt, A., Khaikin, S.},
	year =      {1966},
	series =    {Pergamon Press},
}
@book{hopfbif,
	title =     {The Hopf Bifurcation and Its Applications},
	author =    {Marsden, J. E. and McCracken, M.},
	year =      {1976},
	series =    {Springer-Verlag},
}
@book{student,
	title =     {Introduction to Bifurcations and the Hopf bifurcation theorem for planar systems},
	author =    {Munoz, R.},
	year =      {2011},
	series =    {Student Journal of Dynamical Systems, Colorado University},
}
@book{funci,
	title =     {A method for the numerical determination of bifurcation states of nonlinear systems of equations},
	author =    {Simpson, R.B},
	year =      {1975},
	series =    {SIAM Journal Numerical Analysis, 12},
}